<record><leader>00000cas a2200000 a 4500</leader><controlfield tag="001">12289161</controlfield><controlfield tag="008">850722d18431900miuwr ne      0   a0eng c</controlfield><datafield ind1=" " ind2=" " tag="010"><subfield code="a">sn 85026593 </subfield></datafield><datafield ind1=" " ind2=" " tag="040"><subfield code="a">NPX</subfield><subfield code="b">eng</subfield><subfield code="c">NPX</subfield><subfield code="d">OCL</subfield><subfield code="d">MHN</subfield><subfield code="d">OCL</subfield><subfield code="d">OCLCQ</subfield><subfield code="d">DLC</subfield><subfield code="d">OCLCF</subfield></datafield><datafield ind1="0" ind2=" " tag="022"><subfield code="a">2332-6271</subfield><subfield code="2">1</subfield></datafield><datafield ind1=" " ind2=" " tag="042"><subfield code="a">pcc</subfield><subfield code="a">nsdp</subfield></datafield><datafield ind1=" " ind2=" " tag="043"><subfield code="a">n-us-mi</subfield></datafield><datafield ind1="0" ind2="0" tag="050"><subfield code="a">Newspaper</subfield></datafield><datafield ind1="0" ind2="0" tag="082"><subfield code="a">071</subfield><subfield code="2">1</subfield></datafield><datafield ind1=" " ind2="0" tag="222"><subfield code="a">Ypsilanti sentinel</subfield><subfield code="b">(Print)</subfield></datafield><datafield ind1="0" ind2="0" tag="245"><subfield code="a">Ypsilanti sentinel.</subfield></datafield><datafield ind1=" " ind2=" " tag="260"><subfield code="a">Ypsilanti, Washtenaw Co., Mich. :</subfield><subfield code="b">John Van Fossen</subfield></datafield><datafield ind1=" " ind2=" " tag="300"><subfield code="a">v.</subfield></datafield><datafield ind1=" " ind2=" " tag="310"><subfield code="a">Weekly</subfield></datafield><datafield ind1="1" ind2=" " tag="362"><subfield code="a">Began with Dec. 20, 1843 issue; ceased in 1900.</subfield><subfield code="z">Cf. Gregory, W. Amer. newspapers.</subfield></datafield><datafield ind1=" " ind2=" " tag="500"><subfield code="a">Editor: C. Woodruff, &lt;1876&gt;.</subfield></datafield><datafield ind1=" " ind2=" " tag="500"><subfield code="a">Publishers: Charles Woodruff, &lt;1852&gt;; C. Woodruff &amp; Son, &lt;1876&gt;.</subfield></datafield><datafield ind1=" " ind2=" " tag="500"><subfield code="a">"Democratic," &lt;1876&gt;.</subfield></datafield><datafield ind1=" " ind2=" " tag="515"><subfield code="a">Whole numbering added: Vol. 2, no. 47 (Dec. 17, 1845) = whole no. 99. Whole numbering dropped: &lt;Vol. 15, no. 3 (Mar. 6, 1861)&gt; and resumed &lt;Vol. 28, no. 30 (May 12, 1875) = whole no. 1434&gt;.</subfield></datafield><datafield ind1=" " ind2=" " tag="515"><subfield code="a">Issue called: Ypsilanti sentinel--extra, June 17, 1844, and July 3, 1847.</subfield></datafield><datafield ind1=" " ind2=" " tag="530"><subfield code="a">Archived issues are available in digital format as part of the Library of Congress Chronicling America online collection.</subfield></datafield><datafield ind1=" " ind2=" " tag="580"><subfield code="a">Merged with: Ypsilanti commercial (Ypsilanti, Mich. : 1865), to form: Ypsilanti sentinel-commercial.</subfield></datafield><datafield ind1=" " ind2=" " tag="588"><subfield code="a">Description based on: Vol. 1, no. 4 (Jan. 10, 1844).</subfield></datafield><datafield ind1=" " ind2="0" tag="651"><subfield code="a">Ypsilanti (Mich.)</subfield><subfield code="v">Newspapers.</subfield></datafield><datafield ind1=" " ind2="0" tag="651"><subfield code="a">Washtenaw County (Mich.)</subfield><subfield code="v">Newspapers.</subfield></datafield><datafield ind1=" " ind2="7" tag="655"><subfield code="a">Newspapers.</subfield><subfield code="2">fast</subfield><subfield code="0">(OCoLC)fst01423814</subfield></datafield><datafield ind1=" " ind2="7" tag="651"><subfield code="a">Michigan</subfield><subfield code="z">Washtenaw County.</subfield><subfield code="2">fast</subfield><subfield code="0">(OCoLC)fst01214739</subfield></datafield><datafield ind1=" " ind2="7" tag="651"><subfield code="a">Michigan</subfield><subfield code="z">Ypsilanti.</subfield><subfield code="2">fast</subfield><subfield code="0">(OCoLC)fst01207443</subfield></datafield><datafield ind1=" " ind2=" " tag="752"><subfield code="a">United States</subfield><subfield code="b">Michigan</subfield><subfield code="c">Washtenaw</subfield><subfield code="d">Ypsilanti.</subfield></datafield><datafield ind1="0" ind2="8" tag="776"><subfield code="i">Online version:</subfield><subfield code="t">Ypsilanti sentinel (Online)</subfield><subfield code="x">2332-628X</subfield><subfield code="w">(DLC)  2013272176</subfield><subfield code="w">(OCoLC)862979714</subfield></datafield><datafield ind1="1" ind2="7" tag="785"><subfield code="t">Ypsilanti commercial (Ypsilanti, Mich. : 1865)</subfield><subfield code="w">(DLC)sn 85033825</subfield><subfield code="w">(OCoLC)12277369</subfield></datafield><datafield ind1="0" ind2="7" tag="785"><subfield code="t">Ypsilanti sentinel-commercial</subfield></datafield><datafield ind1="4" ind2="1" tag="856"><subfield code="u">http://www.loc.gov/chroniclingamerica/lccn/sn85026593/issues</subfield></datafield></record>